@inproceedings{kosaraju1989efficient,
    author    = {S. R. Kosaraju},
    title     = {Efficient tree pattern matching},
    booktitle = {Proceedings of the 20th IEEE Foundations of Computer Science (FOCS)},
    year      = {1989},
    pages     = {178--183}
}

@inproceedings{jacobson1989space,
    author    = {Guy Jacobson},
    title     = {Space-efficient static trees and graphs},
    booktitle = {Proceedings of the 30th IEEE Symposium on Foundations of Computer Science (FOCS)},
    year      = {1989},
    pages     = {549--554},
    publisher = {IEEE Computer Society Press},
    address   = {Los Alamitos, CA}
}

@article{ferragina2009compressing,
    author    = {Paolo Ferragina and Fabrizio Luccio and Giovanni Manzini and S. Muthukrishnan},
    title     = {Compressing and Indexing Labeled Trees, with Applications},
    journal   = {Journal of the ACM},
    year      = {2009},
    volume    = {57},
    doi       = {10.1145/1613676.1613680}
}

@techreport{burrows1994block,
    author      = {M. Burrows and D. Wheeler},
    title       = {A block-sorting lossless data compression algorithm},
    institution = {Digital Equipment Corporation},
    year        = {1994},
    number      = {124}
}

@article{karkkainen2006linear,
    author  = {Juha K{\"a}rkk{\"a}inen and Peter Sanders and Stefan Burkhardt},
    title   = {Linear work suffix array construction},
    journal = {Journal of the ACM},
    year    = {2006},
    volume  = {53},
    number  = {6},
    pages   = {918--936},
    doi     = {10.1145/1217856.1217858}
}

@inproceedings{gbmp2014sea,
    title     = {From Theory to Practice: Plug and Play with Succinct Data Structures},
    author    = {Gog, Simon and Beller, Timo and Moffat, Alistair and Petri, Matthias},
    booktitle = {13th International Symposium on Experimental Algorithms, (SEA 2014)},
    year      = {2014},
    pages     = {326-337},
    ee        = {http://dx.doi.org/10.1007/978-3-319-07959-2_28}
}

@inproceedings{raman2002succinct,
    author    = {Rajeev Raman and V. Raman and S. Srinivasa Rao},
    title     = {Succinct Indexable Dictionaries with Applications to representations of k-ary trees and multi-sets},
    booktitle = {Proceedings of the 13th Annual ACM-SIAM Symposium on Discrete Algorithms (SODA)},
    year      = {2002}
}

@inproceedings{grossi2003high,
    author    = {Roberto Grossi and Ankur Gupta and Jeffrey Scott Vitter},
    title     = {High-order entropy-compressed text indexes},
    booktitle = {Proceedings of the Fourteenth Annual ACM-SIAM Symposium on Discrete Algorithms (SODA)},
    year      = {2003},
    pages     = {841--850},
    publisher = {Society for Industrial and Applied Mathematics},
    address   = {USA}
}